 @misc{w3techs,
     title={Usage statistics of operating systems for websites},
     url={https://w3techs.com/technologies/overview/operating_system},
     journal={W3Techs},
     author={W3Techs, N/A},
     year={2022}
}

@article{sun2019summarizing,
  title={Summarizing CPU and GPU design trends with product data},
  author={Sun, Yifan and Agostini, Nicolas Bohm and Dong, Shi and Kaeli, David},
  journal={arXiv preprint arXiv:1911.11313},
  year={2019}
}

@article{dolbeau2018theoretical,
  title={Theoretical peak FLOPS per instruction set: a tutorial},
  author={Dolbeau, Romain},
  journal={The Journal of Supercomputing},
  volume={74},
  number={3},
  pages={1341--1377},
  year={2018},
  publisher={Springer}
}

@article{doi2018performance,
  title={Performance Improvement Techniques in Tightly Coupled Multicore Architectures for Single-Thread Applications},
  author={Doi, Keita and Shioya, Ryota and Ando, Hideki},
  journal={Journal of Information Processing},
  volume={26},
  pages={445--460},
  year={2018},
  publisher={Information Processing Society of Japan}
}

@inproceedings{buber2018performance,
  title={Performance analysis and CPU vs GPU comparison for deep learning},
  author={Buber, Ebubekir and Banu, DIRI},
  booktitle={2018 6th International Conference on Control Engineering \& Information Technology (CEIT)},
  pages={1--6},
  year={2018},
  organization={IEEE}
}

@article{zhou2005improving,
  title={Improving database performance on simultaneous multithreading processors},
  author={Zhou, Jingren and Cieslewicz, John and Ross, Kenneth A and Shah, Mihir},
  year={2005}
}

@article{magro2002hyper,
  title={Hyper-Threading Technology: Impact on Compute-Intensive Workloads.},
  author={Magro, William and Petersen, Paul and Shah, Sanjiv},
  journal={Intel Technology Journal},
  volume={6},
  number={1},
  year={2002}
}

@inproceedings{zhang2019m,
  title={I'm not dead yet! the role of the operating system in a kernel-bypass era},
  author={Zhang, Irene and Liu, Jing and Austin, Amanda and Roberts, Michael Lowell and Badam, Anirudh},
  booktitle={Proceedings of the Workshop on Hot Topics in Operating Systems},
  pages={73--80},
  year={2019}
}

@inproceedings{zhang2021demikernel,
  title={The demikernel datapath os architecture for microsecond-scale datacenter systems},
  author={Zhang, Irene and Raybuck, Amanda and Patel, Pratyush and Olynyk, Kirk and Nelson, Jacob and Leija, Omar S Navarro and Martinez, Ashlie and Liu, Jing and Simpson, Anna Kornfeld and Jayakar, Sujay and others},
  booktitle={Proceedings of the ACM SIGOPS 28th Symposium on Operating Systems Principles},
  pages={195--211},
  year={2021}
}

@book{aniche2022effective,
  title={Effective Software Testing: A Developer's Guide},
  author={Aniche, Mauricio},
  year={2022},
  publisher={Simon and Schuster}
}

@inproceedings{narayan2008structure,
  title={Structure and interpretation of computer programs},
  author={Narayan, Ganesh and Gopinath, K and Varadarajan, Sridhar},
  booktitle={2008 2nd IFIP/IEEE International Symposium on Theoretical Aspects of Software Engineering},
  pages={73--80},
  year={2008},
  organization={IEEE}
}

@book{fowler2018refactoring,
  title={Refactoring: improving the design of existing code},
  author={Fowler, Martin},
  year={2018},
  publisher={Addison-Wesley Professional}
}

@book{arpaci2018operating,
  title={Operating systems: Three easy pieces},
  author={Arpaci-Dusseau, Remzi H and Arpaci-Dusseau, Andrea C},
  year={2018},
  publisher={Arpaci-Dusseau Books LLC Boston}
}

@book{stroustrup2013c++,
  title={The C++ programming language},
  author={Stroustrup, Bjarne},
  year={2013},
  publisher={Pearson Education}
}

@article{ritchie1978c,
  title={The C programming language},
  author={Ritchie, Dennis M and Johnson, Stephen C and Lesk, ME and Kernighan, BW and others},
  journal={Bell Sys. Tech. J},
  volume={57},
  number={6},
  pages={1991--2019},
  year={1978}
}