@misc{w3techs,
     title={Usage statistics of operating systems for websites},
     url={https://w3techs.com/technologies/overview/operating_system},
     journal={W3Techs},
     author={W3Techs, N/A},
     year={2022}
}

@article{dolbeau2018theoretical,
  title={Theoretical peak FLOPS per instruction set: a tutorial},
  author={Dolbeau, Romain},
  journal={The Journal of Supercomputing},
  volume={74},
  number={3},
  pages={1341--1377},
  year={2018},
  publisher={Springer}
}

@article{sun2019summarizing,
  title={Summarizing CPU and GPU design trends with product data},
  author={Sun, Yifan and Agostini, Nicolas Bohm and Dong, Shi and Kaeli, David},
  journal={arXiv preprint arXiv:1911.11313},
  year={2019}
}

@article{magro2002hyper,
  title={Hyper-Threading Technology: Impact on Compute-Intensive Workloads.},
  author={Magro, William and Petersen, Paul and Shah, Sanjiv},
  journal={Intel Technology Journal},
  volume={6},
  number={1},
  year={2002}
}

@article{wilson2014best,
  title={Best practices for scientific computing},
  author={Wilson, Greg and Aruliah, Dhavide A and Brown, C Titus and Chue Hong, Neil P and Davis, Matt and Guy, Richard T and Haddock, Steven HD and Huff, Kathryn D and Mitchell, Ian M and Plumbley, Mark D and others},
  journal={PLoS biology},
  volume={12},
  number={1},
  pages={e1001745},
  year={2014},
  publisher={Public Library of Science San Francisco, USA}
}

@inproceedings{buber2018performance,
  title={Performance analysis and CPU vs GPU comparison for deep learning},
  author={Buber, Ebubekir and Banu, DIRI},
  booktitle={2018 6th International Conference on Control Engineering \& Information Technology (CEIT)},
  pages={1--6},
  year={2018},
  organization={IEEE}
}

@inproceedings{sufi2014software,
  title={Software in reproducible research: advice and best practice collected from experiences at the collaborations workshop},
  author={Sufi, Shoaib and Hong, Neil Chue and Hettrick, Simon and Antonioletti, Mario and Crouch, Stephen and Hay, Alexander and Inupakutika, Devasena and Jackson, Mike and Pawlik, Aleksandra and Peru, Giacomo and others},
  booktitle={Proceedings of the 1st ACM sigplan workshop on reproducible research methodologies and new publication models in computer engineering},
  pages={1--4},
  year={2014}
}

@article{carver2022survey,
  title={A survey of the state of the practice for research software in the United States},
  author={Carver, Jeffrey C and Weber, Nic and Ram, Karthik and Gesing, Sandra and Katz, Daniel S},
  journal={PeerJ Computer Science},
  volume={8},
  pages={e963},
  year={2022},
  publisher={PeerJ Inc.}
}

@article{barba2022defining,
  title={Defining the role of open source software in research reproducibility},
  author={Barba, Lorena A},
  journal={arXiv preprint arXiv:2204.12564},
  year={2022}
}

@article{fortunato2021case,
  title={The case for free and open source software in research and scholarship},
  author={Fortunato, Laura and Galassi, Mark},
  journal={Philosophical Transactions of the Royal Society A},
  volume={379},
  number={2197},
  pages={20200079},
  year={2021},
  publisher={The Royal Society Publishing}
}

@article{katz2018community,
  title={Community organizations: Changing the culture in which research software is developed and sustained},
  author={Katz, Daniel S and McInnes, Lois Curfman and Bernholdt, David E and Mayes, Abigail Cabunoc and Hong, Neil P Chue and Duckles, Jonah and Gesing, Sandra and Heroux, Michael A and Hettrick, Simon and Jimenez, Rafael C and others},
  journal={Computing in Science \& Engineering},
  volume={21},
  number={2},
  pages={8--24},
  year={2018},
  publisher={IEEE}
}

@article{barker2022introducing,
  title={Introducing the FAIR Principles for research software},
  author={Barker, Michelle and Chue Hong, Neil P and Katz, Daniel S and Lamprecht, Anna-Lena and Martinez-Ortiz, Carlos and Psomopoulos, Fotis and Harrow, Jennifer and Castro, Leyla Jael and Gruenpeter, Morane and Martinez, Paula Andrea and others},
  journal={Scientific Data},
  volume={9},
  number={1},
  pages={1--6},
  year={2022},
  publisher={Nature Publishing Group}
}

@inproceedings{zheng2018measuring,
  title={Measuring and Predicting the Relevance Ratings between FLOSS Projects using Topic Features},
  author={Zheng, Zhiwen and Wang, Liang and Xu, Jingwei and Wu, Tianheng and Wu, Simeng and Tao, Xianping},
  booktitle={Proceedings of the Tenth Asia-Pacific Symposium on Internetware},
  pages={1--10},
  year={2018}
}

@article{sipser1996introduction,
  title={Introduction to the Theory of Computation},
  author={Sipser, Michael},
  journal={ACM Sigact News},
  volume={27},
  number={1},
  pages={27--29},
  year={1996},
  publisher={ACM New York, NY, USA}
}

@article{zhou2005improving,
  title={Improving database performance on simultaneous multithreading processors},
  author={Zhou, Jingren and Cieslewicz, John and Ross, Kenneth A and Shah, Mihir},
  year={2005}
}

@inproceedings{zhang2019m,
  title={I'm not dead yet! the role of the operating system in a kernel-bypass era},
  author={Zhang, Irene and Liu, Jing and Austin, Amanda and Roberts, Michael Lowell and Badam, Anirudh},
  booktitle={Proceedings of the Workshop on Hot Topics in Operating Systems},
  pages={73--80},
  year={2019}
}

@inproceedings{zhang2021demikernel,
  title={The demikernel datapath os architecture for microsecond-scale datacenter systems},
  author={Zhang, Irene and Raybuck, Amanda and Patel, Pratyush and Olynyk, Kirk and Nelson, Jacob and Leija, Omar S Navarro and Martinez, Ashlie and Liu, Jing and Simpson, Anna Kornfeld and Jayakar, Sujay and others},
  booktitle={Proceedings of the ACM SIGOPS 28th Symposium on Operating Systems Principles},
  pages={195--211},
  year={2021}
}

@book{aniche2022effective,
  title={Effective Software Testing: A Developer's Guide},
  author={Aniche, Mauricio},
  year={2022},
  publisher={Simon and Schuster}
}

@inproceedings{narayan2008structure,
  title={Structure and interpretation of computer programs},
  author={Narayan, Ganesh and Gopinath, K and Varadarajan, Sridhar},
  booktitle={2008 2nd IFIP/IEEE International Symposium on Theoretical Aspects of Software Engineering},
  pages={73--80},
  year={2008},
  organization={IEEE}
}

@book{fowler2018refactoring,
  title={Refactoring: improving the design of existing code},
  author={Fowler, Martin},
  year={2018},
  publisher={Addison-Wesley Professional}
}

@book{arpaci2018operating,
  title={Operating systems: Three easy pieces},
  author={Arpaci-Dusseau, Remzi H and Arpaci-Dusseau, Andrea C},
  year={2018},
  publisher={Arpaci-Dusseau Books LLC Boston}
}

@book{stroustrup2013c++,
  title={The C++ programming language},
  author={Stroustrup, Bjarne},
  year={2013},
  publisher={Pearson Education}
}

@article{ritchie1978c,
  title={The C programming language},
  author={Ritchie, Dennis M and Johnson, Stephen C and Lesk, ME and Kernighan, BW and others},
  journal={Bell Sys. Tech. J},
  volume={57},
  number={6},
  pages={1991--2019},
  year={1978}
}
